@phdthesis{Grabalosa:1456804,
      author         = "Grabalosa, Marc and Musy, Marco",
      title          = "{Flavour Tagging developments within the LHCb experiment}",
      school  = "Barcelona U.",
      year           = "2012",
      report         = "{CERN-THESIS-2012-075}",
      note           = "Presented 15 May 2012"
}

@lhcbreport{CERN-THESIS-2014-057,
      author        = "Owen, Patrick",
      title         = "{Measurement of branching fractions, isospin asymmetries
                       and angular observables in exclusive electroweak penguin
                       decays}",
      school        = "Imperial Coll., London",
      month         = "Mar",
      year          = "2014",
      number        = "CERN-THESIS-2014-057",
}

@lhcbreport{CERN-THESIS-2015-040,
      author        = "Fazzini, Davide and Calvi, Marta and Khanji, Basem",
      title         = "{Development of ``same side'' flavour tagging algorithms for
                       measurements of flavour oscillations and $\CP$ violation in
                       the  $B^0$ mesons system}",
      school        = "Milan Bicocca U.",
      month         = "Mar",
      year          = "2015",
      number        = "CERN-THESIS-2015-040",
}
