@article{Jung:2014jfa,
      author         = "Jung, Martin and Schacht, Stefan",
      title          = "{Standard model predictions and new physics sensitivity
                        in $B \to DD$ decays}",
      journal        = "Phys. Rev.",
      volume         = "D91",
      year           = "2015",
      number         = "3",
      pages          = "034027",
      doi            = "10.1103/PhysRevD.91.034027",
      eprint         = "1410.8396",
      archivePrefix  = "arXiv",
      primaryClass   = "hep-ph",
      reportNumber   = "DO-TH-13-24, TTP-14-027",
      SLACcitation   = "%%CITATION = ARXIV:1410.8396;%%"
}

@article{Bel:2015wha,
      author         = "Bel, Lennaert and De Bruyn, Kristof and Fleischer, Robert
                        and Mulder, Mick and Tuning, Niels",
      title          = "{Anatomy of $ B\to D\Dbar $ decays}",
      journal        = "JHEP",
      volume         = "07",
      year           = "2015",
      pages          = "108",
      doi            = "10.1007/JHEP07(2015)108",
      eprint         = "1505.01361",
      archivePrefix  = "arXiv",
      primaryClass   = "hep-ph",
      reportNumber   = "NIKHEF-2015-019",
      SLACcitation   = "%%CITATION = ARXIV:1505.01361;%%"
}

@article{Rohrken:2012ta,
      author         = "Rohrken, M. and others",
      title          = "{Measurements of Branching Fractions and Time-dependent
                        CP Violating Asymmetries in $B^{0} \to D^{(*)\pm}D^{\mp}$
                        Decays}",
      collaboration  = "Belle",
      journal        = "Phys. Rev.",
      volume         = "D85",
      year           = "2012",
      pages          = "091106",
      doi            = "10.1103/PhysRevD.85.091106",
      eprint         = "1203.6647",
      archivePrefix  = "arXiv",
      primaryClass   = "hep-ex",
      SLACcitation   = "%%CITATION = ARXIV:1203.6647;%%"
}

@article{Aubert:2008ah,
      author         = "Aubert, Bernard and others",
      title          = "{Measurements of time-dependent CP asymmetries in $B^0
                        \to D^{(*)+} D^{(*)-}$ decays}",
      booktitle      = "{Proceedings, 34th International Conference on High
                        Energy Physics (ICHEP 2008)}",
      collaboration  = "BaBar",
      journal        = "Phys. Rev.",
      volume         = "D79",
      year           = "2009",
      pages          = "032002",
      doi            = "10.1103/PhysRevD.79.032002",
      eprint         = "0808.1866",
      archivePrefix  = "arXiv",
      primaryClass   = "hep-ex",
      reportNumber   = "SLAC-PUB-13327, BABAR-PUB-08-039",
      SLACcitation   = "%%CITATION = ARXIV:0808.1866;%%"
}

@article{Hocker:2007ht,
      author         = "Hoecker, Andreas and Speckmayer, Peter and Stelzer, Joerg and Therhaag, Jan and von Toerne, Eckhard and Voss, Helge",
      title          = "{TMVA}: Toolkit for Multivariate Data Analysis",
      journal        = "PoS",
      volume         = "ACAT",
      year           = "2007",
      pages          = "040",
      eprint         = "physics/0703039",
      archivePrefix  = "arXiv",
      SLACcitation   = "%%CITATION = PHYSICS/0703039;%%"
}

@article{scikit-learn,
      title          = {Scikit-learn: Machine Learning in {P}ython},
      author         = {Pedregosa, F. and Varoquaux, G. and Gramfort, A. and Michel, V.
                        and Thirion, B. and Grisel, O. and Blondel, M. and Prettenhofer, P.
                        and Weiss, R. and Dubourg, V. and Vanderplas, J. and Passos, A. and
                        Cournapeau, D. and Brucher, M. and Perrot, M. and Duchesnay, E.},
      journal        = {Journal of Machine Learning Research},
      volume         = {12},
      pages          = {2825},
      year           = {2011}
}

@article{sfit,
      author         = "Xie, Yuehong",
      title          = "{sFit: a method for background subtraction in maximum
                        likelihood fit}",
      year           = "2009",
      eprint         = "0905.0724",
      archivePrefix  = "arXiv",
      primaryClass   = "physics.data-an",
      SLACcitation   = "%%CITATION = ARXIV:0905.0724;%%"
}

@article{FOM,
      author         = "Xie, Yuehong",
      title          = "Formalism for Simulation-based Optimization of
                        Measurement Errors in High Energy Physics",
      year           = "2009",
      eprint         = "0901.3305",
      archivePrefix  = "arXiv",
      primaryClass   = "hep-ex",
      SLACcitation   = "%%CITATION = ARXIV:0901.3305;%%"
}

@book{Splines,
  author             = {de Boor, Carl},
  title              = {A practical guide to splines},
  publisher          = {Springer-Verlag New York},
  year               = {1978},
  volume             = {27},
  series             = {Applied Mathematical Sciences},
  isbn               = {978-0-387-95366-3}
}

@article{Blinding,
      author         = "Klein, J. R. and Roodman, A.",
      title          = "{Blind analysis in nuclear and particle physics}",
      journal        = "Ann. Rev. Nucl. Part. Sci.",
      volume         = "55",
      year           = "2005",
      pages          = "141",
      doi            = "10.1146/annurev.nucl.55.090704.151521",
      reportNumber   = "SLAC-PUB-12051",
      SLACcitation   = "%%CITATION = ARNUA,55,141;%%"
}

@article{ResolutionDilutionFactor,
      author         = "Moser, H. G. and Roussarie, A.",
      title          = "{Mathematical methods for \Bd \Bzb oscillation
                        analyses}",
      journal        = "Nucl. Instrum. Meth.",
      volume         = "A384",
      year           = "1997",
      pages          = "491",
      doi            = "10.1016/S0168-9002(96)00887-X",
      reportNumber   = "CERN-OPEN-99-030",
      SLACcitation   = "%%CITATION = NUIMA,A384,491;%%"
}

@phdthesis{Cauet-PhDThesis,
      author        = "Cauet, Christophe",
      title         = "{Precision measurement of the CKM parameter $\sin(2\beta)$
                       with the LHCb experiment}",
      school        = "TU Dortmund University",
      month         = "Aug",
      year          = "2015",
      reportNumber  = "CERN-THESIS-2015-291",
      url           = "https://cds.cern.ch/record/2131391",
}
%      note          = "Presented 16 Oct 2015",
%}

@article{Fetscher:1996fa,
      author         = "Fetscher, W. and Kokkas, P. and Pavlopoulos, P. and
                        Schietinger, T. and Ruf, T.",
      title          = "{Regeneration of arbitrary coherent neutral kaon states:
                        A new method for measuring the $\Kz-\Kzb$
                        forward scattering amplitude}",
      journal        = "Z.Phys.",
      volume         = "C72",
      pages          = "543-547",
      doi            = "10.1007/s002880050277",
      year           = "1996",
      SLACcitation   = "%%CITATION = ZEPYA,C72,543;%%",
}

@article{Ko:2010mk,
      author         = "Ko, B.R. and Won, E. and Golob, B. and Pakhlov, P.",
      title          = "{Effect of nuclear interactions of neutral kaons on CP
                        asymmetry measurements}",
      journal        = "Phys.Rev.",
      volume         = "D84",
      pages          = "111501",
      doi            = "10.1103/PhysRevD.84.111501",
      year           = "2011",
      eprint         = "1006.1938",
      archivePrefix  = "arXiv",
      primaryClass   = "hep-ex",
      SLACcitation   = "%%CITATION = ARXIV:1006.1938;%%",
}

@inproceedings{Okun:1962kca,
      author         = "Okun, L. B. and ",
      title          = "{The theory of weak interaction}",
      booktitle      = "{High-energy physics. Proceedings, 11th International
                        Conference, ICHEP'62,  Geneva, Switzerland, Jul 4-11,
                        1962}",
      year           = "1962",
      url            = "http://inspirehep.net/record/1341922/files/C62-07-04-p845.pdf",
      pages          = "845",
      SLACcitation   = "%%CITATION = INSPIRE-1341922;%%"
}

@article{Higgs-Atlas,
      author         = "Aad, Georges and others",
      title          = "{Observation of a new particle in the search for the
                        Standard Model Higgs boson with the ATLAS detector at the
                        LHC}",
      collaboration  = "ATLAS collaboration",
      journal        = "Phys. Lett.",
      volume         = "B716",
      year           = "2012",
      pages          = "1",
      doi            = "10.1016/j.physletb.2012.08.020",
      eprint         = "1207.7214",
      archivePrefix  = "arXiv",
      primaryClass   = "hep-ex",
      reportNumber   = "CERN-PH-EP-2012-218",
      SLACcitation   = "%%CITATION = ARXIV:1207.7214;%%"
}

@article{Higgs-CMS,
      author         = "Chatrchyan, Serguei and others",
      title          = "{Observation of a new boson at a mass of 125 GeV with the
                        CMS experiment at the LHC}",
      collaboration  = "CMS collaboration",
      journal        = "Phys. Lett.",
      volume         = "B716",
      year           = "2012",
      pages          = "30",
      doi            = "10.1016/j.physletb.2012.08.021",
      eprint         = "1207.7235",
      archivePrefix  = "arXiv",
      primaryClass   = "hep-ex",
      reportNumber   = "CMS-HIG-12-028, CERN-PH-EP-2012-220",
      SLACcitation   = "%%CITATION = ARXIV:1207.7235;%%"
}

@book{Brock:2011zz,
      editor         = "Brock, Ian C. and Schorner-Sadenius, Thomas",
      title          = "{Physics at the Terascale}",
      url            = "http://www.wiley-vch.de/publish/dt/books/ISBN3-527-41001-5",
      journal        = "Weinheim, Germany: Wiley-VCH (2011) 476 p",
      year           = "2011",
      SLACcitation   = "%%CITATION = INSPIRE-913950;%%"
}

@book{Griffiths:2008zz,
      author         = "Griffiths, David",
      title          = "{Introduction to elementary particles}",
      journal        = "Weinheim, Germany: Wiley-VCH (2008) 454 p",
      year           = "2008",
      reportNumber   = "ISBN-9783527406012",
      SLACcitation   = "%%CITATION = ISBN-9783527406012;%%"
}

@book{Perkins:1982xb,
      author         = "Perkins, D. H.",
      title          = "{Introduction to high energy physics}",
      journal        = "Cambridge, UK: Cambridge Univ. Pr. (2000) 426 p",
      year           = "1982",
      reportNumber   = "ISBN-9780521621960",
      SLACcitation   = "%%CITATION = ISBN-9780521621960;%%"
}

@article{Confinement,
      title          = {Confinement of quarks},
      author         = {Wilson, Kenneth G.},
      journal        = {Phys. Rev. D},
      volume         = {10},
      issue          = {8},
      pages          = {2445},
      numpages       = {0},
      year           = {1974},
      month          = {Oct},
      publisher      = {American Physical Society},
      doi            = {10.1103/PhysRevD.10.2445},
      url            = {http://link.aps.org/doi/10.1103/PhysRevD.10.2445}
}


@article{Tomonaga01081946,
      author         = {Tomonaga, S.},
      title          = {On a Relativistically Invariant Formulation of the Quantum Theory of Wave Fields},
      volume         = {1},
      number         = {2},
      pages          = {27},
      year           = {1946},
      doi            = {10.1143/PTP.1.27},
      URL            = {http://ptp.oxfordjournals.org/content/1/2/27.short},
      eprint         = {http://ptp.oxfordjournals.org/content/1/2/27.full.pdf+html},
      journal        = {Progress of Theoretical Physics}
}

@article{Schwinger-QED1,
      title          = {On Quantum-Electrodynamics and the Magnetic Moment of the Electron},
      author         = {Schwinger, Julian},
      journal        = {Phys. Rev.},
      volume         = {73},
      issue          = {4},
      pages          = {416},
      numpages       = {0},
      year           = {1948},
      month          = {Feb},
      publisher      = {American Physical Society},
      doi            = {10.1103/PhysRev.73.416},
      url            = {http://link.aps.org/doi/10.1103/PhysRev.73.416}
}

@article{Schwinger-QED2,
      title          = {Quantum Electrodynamics. I. A Covariant Formulation},
      author         = {Schwinger, Julian},
      journal        = {Phys. Rev.},
      volume         = {74},
      issue          = {10},
      pages          = {1439},
      numpages       = {0},
      year           = {1948},
      month          = {Nov},
      publisher      = {American Physical Society},
      doi            = {10.1103/PhysRev.74.1439},
      url            = {http://link.aps.org/doi/10.1103/PhysRev.74.1439}
}

@article{Feynman-QED1,
      title          = {Space-Time Approach to Quantum Electrodynamics},
      author         = {Feynman, R. P.},
      journal        = {Phys. Rev.},
      volume         = {76},
      issue          = {6},
      pages          = {769},
      numpages       = {0},
      year           = {1949},
      month          = {Sep},
      publisher      = {American Physical Society},
      doi            = {10.1103/PhysRev.76.769},
      url            = {http://link.aps.org/doi/10.1103/PhysRev.76.769}
}

@article{Feynman-QED2,
      title          = {The Theory of Positrons},
      author         = {Feynman, R. P.},
      journal        = {Phys. Rev.},
      volume         = {76},
      issue          = {6},
      pages          = {749},
      numpages       = {0},
      year           = {1949},
      month          = {Sep},
      publisher      = {American Physical Society},
      doi            = {10.1103/PhysRev.76.749},
      url            = {http://link.aps.org/doi/10.1103/PhysRev.76.749}
}

@article{Feynman-QED3,
      title          = {Mathematical Formulation of the Quantum Theory of Electromagnetic Interaction},
      author         = {Feynman, R. P.},
      journal        = {Phys. Rev.},
      volume         = {80},
      issue          = {3},
      pages          = {440},
      numpages       = {0},
      year           = {1950},
      month          = {Nov},
      publisher      = {American Physical Society},
      doi            = {10.1103/PhysRev.80.440},
      url            = {http://link.aps.org/doi/10.1103/PhysRev.80.440}
}

@article{Higgs:1964pj,
      author         = "Higgs, Peter W.",
      title          = "{Broken Symmetries and the Masses of Gauge Bosons}",
      journal        = "Phys. Rev. Lett.",
      volume         = "13",
      year           = "1964",
      pages          = "508",
      doi            = "10.1103/PhysRevLett.13.508",
      SLACcitation   = "%%CITATION = PRLTA,13,508;%%"
}

@article{Kobayashi:1973fv,
      author         = "Kobayashi, Makoto and Maskawa, Toshihide",
      title          = "{CP Violation in the Renormalizable Theory of Weak
                        Interaction}",
      journal        = "Prog. Theor. Phys.",
      volume         = "49",
      year           = "1973",
      pages          = "652",
      doi            = "10.1143/PTP.49.652",
      reportNumber   = "KUNS-242",
      SLACcitation   = "%%CITATION = PTPKA,49,652;%%"
}

@article{AsymptoticFreedom_GrossWilczek,
      title          = {Ultraviolet Behavior of Non-Abelian Gauge Theories},
      author         = {Gross, David J. and Wilczek, Frank},
      journal        = {Phys. Rev. Lett.},
      volume         = {30},
      issue          = {26},
      pages          = {1343},
      numpages       = {0},
      year           = {1973},
      month          = {Jun},
      publisher      = {American Physical Society},
      doi            = {10.1103/PhysRevLett.30.1343},
      url            = {http://link.aps.org/doi/10.1103/PhysRevLett.30.1343}
}

@article{AsymptoticFreedom_Politzer,
      title          = {Reliable Perturbative Results for Strong Interactions?},
      author         = {Politzer, H. David},
      journal        = {Phys. Rev. Lett.},
      volume         = {30},
      issue          = {26},
      pages          = {1346},
      numpages       = {0},
      year           = {1973},
      month          = {Jun},
      publisher      = {American Physical Society},
      doi            = {10.1103/PhysRevLett.30.1346},
      url            = {http://link.aps.org/doi/10.1103/PhysRevLett.30.1346}
}
