@lhcbreport{LHCb-ANA-2012-016,
      author        = "Brambach, Tobias and Cauet, Christophe and Eitschberger,
                       Ulrich and Gandelman, Miriam and Kaballo, Michael and
                       Karbach, Till Moritz and Kruse, Florian and Meier, Frank
                       and de Paula, Leandro and Souza de Paula, Bruno and
                       Szilard, Daniela and Tolk, Siim and Vecchi, Stefania and
                       Wishahi, Julian",
      title         = "{Measurement of sin 2$\beta$ in the decay $B^0 \to J/\psi
                       K_S^0$ with the 2011 LHCb data}",
      month         = "Feb",
      year          = "2013",
      number        = "LHCb-ANA-2012-016"
}

@lhcbreport{LHCb-ANA-2011-078,
      author       = "Adrover, C and Albrecht, J and Bettler, M-O and Carson, L
                      and Cid Vidal, X and Elsasser, C and Hernando Morata, J A
                      and Lanfranchi, G and Mancinelli, G and Martinez Santos, D
                      and Matveev, M and Palutan, M and Perrin-Terrin, M and
                      Sagidova, N and Sarti, A and Serrano, J and Shcheglov, Y and
                      Steinkamp, O and Archilli, F and Sciascia, B",
      title        = "{Searches for $\Bs \to \mumu$ and $\Bd \to \mumu$ in $370 \invpb$ at LHCb}",
      number        = "LHCb-ANA-2011-078"
}

@lhcbreport{LHCb-ANA-2012-067,
      author        = "Aaij, R and Amhis, Y and Calvi, M and Clarke, P and Cowan,
                       G and Currie, R and Dordei, F and Dupertuis, F and van
                       Eijk, D and Ferguson, D and Grabalosa, M and
                       Hansmann-Menzemer, S and Hulsbergen, W and Krocker, G and
                       van Leerdam, J and Leroy, O and Linn, C and Maurice, E and
                       Nikodem, T and Martinez Santos, D and Muheim, F and
                       Needham, M and Raven, G and Stone, S and Uwer, U and
                       Vecchi, S and Xie, Y and Zhang, L",
      title         = "{Tagged time-dependent analysis of $B_s^0 \to J/\psi
                       K^+K^-$ and $B_s^0\to J/\psi\pi^+\pi^-$ decays with 1.0
                       fb${-1}$}",
      month         = "Apr",
      year          = "2013",
      number        = "LHCb-ANA-2012-067",
      note          = "Linked to LHCb-PAPER-2013-002",
}

@lhcbreport{LHCb-ANA-2011-055,
      author        = "Amhis, Y and Cowan, G and Dordei, F and Dupertuis, F and
                       Hansmann-Menzemer, S and MÃ¤rki, R and Nikodem, T",
      title         = "{$b$-hadrons absolute lifetime measurements}",
      month         = "Jan",
      year          = "2014",
      number        = "LHCb-ANA-2011-055",
      note          = "Linked to LHCb-PAPER-2013-065",
}

@lhcbreport{LHCb-ANA-2013-050,
      author        = "Bozzi, C and Calvi, M and Fiore, M and Frosini, M and
                       Grillo, L and Khanji, B and Kolpin, M and Kreplin, K and
                       Lupato, A and Stahl, M and Stahl, S and van Tilburg, J and
                       Vesterinen, M and de Vries, J and Wandernoth, S",
      title         = "{Measurement of the semileptonic $CP$ violating asymmetry
                       $a_{sl}^d$}",
      month         = "May",
      year          = "2013",
      number        = "LHCb-ANA-2013-050",
}

@lhcbreport{LHCb-ANA-2011-001,
      author = "Y. Xie and others",
      number = "LHCb-ANA-2011-001",
      title  = "Selections, relative branching fractions and lifetime measurements for exclusive {$B\to\jpsi X$} decays with {$\jpsi\to\mu^+\mu^-$} with the 2010 data"
}
@lhcbreport{LHCb-ANA-2015-061,
      author        = "Calvi, Marta and Fazzini, Davide and Falabella, Antonio
                       and Vecchi, Stefania",
      title         = "{New algorithms to tag the flavour of $B^0$ mesons using
                       pions and protons}",
      month         = "Nov",
      year          = "2015",
      number        = "LHCb-ANA-2015-061",
}

@lhcbreport{LHCb-ANA-2012-068,
      author        = "Ali, Suvayu and Carson, Laurence and Dziurda, Agnieszka
                       and Easo, Sajan and Gligorov, Vladimir V and Karbach, Till
                       Moritz and Niet, Ramon and Rodrigues, Eduardo and Schiller,
                       Manuel and Schlupp, Maximilian and Williams, Matthew",
      title         = "{Measurement of time-dependent $C\!P$-violation
                       observables in $B_s^0 \rightarrow D_s^{\mp} K^{\pm}$}",
      month         = "Dec",
      year          = "2012",
      number        = "LHCb-ANA-2012-068",
      url           = "https://cds.cern.ch/record/1459589",
}

@lhcbreport{LHCb-ANA-2013-046,
      author        = "Cauet, Christophe and Kruse, Florian and Meier, Frank and
                       Niet, Ramon and Wishahi, Julian and Birnkraut, Alex and
                       Dorigo, Mirco and Eitschberger, Ulrich and Mueller, Vanessa
                       and Schellenberg, Margarete and Van Tilburg, Jeroen and
                       Tully, Alison and Zarebski, Kristian",
      title         = "{Measurement of $CP$ violation in the decay $B^0
                       \rightarrow J/\psi K^0_s$}",
      month         = "May",
      year          = "2013",
      number        = "LHCb-ANA-2013-046",
      url           = "https://cds.cern.ch/record/1548396",
}

@lhcbreport{LHCb-ANA-2014-015,
      author        = "Gandini, Paolo",
      title         = "{Measurement of the $B^0_s$ meson lifetime in the flavour
                       specific hadronic decay $B^0_s \to D^-_s\pi^+$}",
      month         = "Feb",
      year          = "2014",
      number        = "LHCb-ANA-2014-015",
      url           = "https://cds.cern.ch/record/1647586",
}

@lhcbreport{LHCb-ANA-2011-004,
      author        = "Brambach, T and Calvi, M and Falabella, A and Furcas, S
                       and Gandelman, M and Grabalosa, M and Hulsbergen, W and
                       Karbach, T M and Khanji, B and Kruse, F and Leroy, O and
                       Maurice, E and Merkel, J and Musy, M and Rodrigues, F and
                       Souza de Paula, B and Vecchi, S and Wishahi, J and Xie, Y",
      title         = "{Measurement of CP violation in the time-dependent
                       analysis of $B^0 \to J/\psi K^0_S$ decays with the 2010
                       data}",
      month         = "Jun",
      year          = "2011",
      number        = "LHCb-ANA-2011-004",
      url           = "https://cds.cern.ch/record/1309564",
      note          = "LHCb-CONF-2011-004",
}