@phdthesis{Grabalosa:1456804,
      author         = "Grabalosa, Marc and Musy, Marco",
      title          = "{Flavour Tagging developments within the LHCb experiment}",
      school         = "Barcelona U.",
      year           = "2012",
      note           = "\href{http://inspirehep.net/record/1186162/files/CERN-THESIS-2012-075.pdf}{CERN-THESIS-2012-075}"
}

@lhcbreport{CERN-THESIS-2015-040,
      author        = "Fazzini, Davide and Calvi, Marta and Khanji, Basem",
      title         = "{Development of ``same side'' flavour tagging algorithms for
                       measurements of flavour oscillations and $\CP$ violation in
                       the  $B^0$ mesons system}",
      school        = "Milan Bicocca U.",
      month         = "Mar",
      year          = "2015",
      number        = "CERN-THESIS-2015-040",
}

@phdthesis{Cauet-PhDThesis,
      author        = "Cauet, Christophe",
      title         = "{Precision measurement of the CKM parameter $\sin(2\beta)$
                       with the LHCb experiment}",
      school        = "TU Dortmund University",
      month         = "Aug",
      year          = "2015",
      reportNumber  = "CERN-THESIS-2015-291",
      note          = "\href{https://inspirehep.net/record/1429405/files/fulltext_eG5tMF.pdf}{CERN-THESIS-2015-291}"
}
%      note          = "Presented 16 Oct 2015",
%}
